@article{Liu2023,
	title = {Discrete Time Crystal Enabled by Stark Many-Body Localization},
	author = {Liu, Shuo and Zhang, Shi-Xin and Hsieh, Chang-Yu and Zhang, Shengyu and Yao, Hong},
	journal = {Phys. Rev. Lett.},
	volume = {130},
	issue = {12},
	pages = {120403},
	numpages = {8},
	year = {2023},
	month = {Mar},
	publisher = {American Physical Society},
	doi = {10.1103/PhysRevLett.130.120403},
}

@article{CHANDRA2024129552,
	title = {Discrete time crystal phase of higher dimensional integrable models},
	volume = {511},
	issn = {0375-9601},
	url = {https://www.sciencedirect.com/science/article/pii/S0375960124002469},
	doi = {https://doi.org/10.1016/j.physleta.2024.129552},
	journal = {Physics Letters A},
	author = {Chandra, Rahul and Roy, Analabha},
	year = {2024},
	keywords = {Driven systems, Floquet perturbation theory, Many body localization, Many body physics, Time crystal, Time-periodic systems},
	pages = {129552},
}

@article{Mahbub2024,
	title = {Phase crossover induced by dynamical many-body localization in periodically driven long-range spin systems},
	author = {Rahaman, Mahbub and Mori, Takashi and Roy, Analabha},
	journal = {Phys. Rev. B},
	volume = {109},
	issue = {10},
	pages = {104311},
	numpages = {12},
	year = {2024},
	month = {Mar},
	publisher = {American Physical Society},
	doi = {10.1103/PhysRevB.109.104311},
}

@article{Sharma2021,
	title = {Chimeralike states in a minimal network of active camphor ribbons},
	author = {Sharma, Jyoti and Tiwari, Ishant and Das, Dibyendu and Parmananda, P.},
	journal = {Phys. Rev. E},
	volume = {103},
	issue = {1},
	pages = {012214},
	numpages = {7},
	year = {2021},
	month = {Jan},
	publisher = {American Physical Society},
	doi = {10.1103/PhysRevE.103.012214},
	url = {https://link.aps.org/doi/10.1103/PhysRevE.103.012214}
}